@article{Effectsmusic,
    title={Effects on music on memory for text},
    author={Patricia Purnell-webb, Craig P. Speelman},
    journal={Review},
    volume={106},
    number={6},
    pages={31},
    year={2008},
    publisher={APS},
}

@article{Capacitylimit,
    title={Capacity limit of visual short-term memory in human posterior parietal cortex},
    author={J. Jay Todd, Rene´ Marois},
    journal={Review},
    volume={71},
    number={6},
    pages={754},
    year={2004},
    publisher={APS},
}

@online{he,
    author = {Andreasson, Jens},
    title = {Visual Memory and the Brain},
    url = {https://www.visionsciences.org/symposia2008_4/},
    urldate = {2008-09-05},
}

@online{Jens,
    author = {Andreasson, Jens},
    title = {Webbserverprogrammering med Node och Express},
    url = {https://jens-andreasson.gitbook.io/webbserverprogrammering/webbserver/node-introduktion},
    urldate = {2021-09-03},
}

@video{Musicerandehjärnan,
    author = {Ullén, Fredrik},
    title = {Den musicerande hjärnan},
    url = {https://www.hjarnfonden.se/2017/06/den-musicerande-hjarnan/},
    urldate = {2017-06-30},
}

Programserie (sändningsår).
Titel på programmet [Podcast/Radioprogram/TV-program].
TV-bolag eller motsvarande som står för utsändningen av programmet.
Dag och månad för sändning. URL (Åtkomstdatum).

@book{Fraenkel,
    author={Fraenkel, Lars and Gottfridsson, Daniel and Jonasson, Ulf},
    title={Impuls Fysik. 1},
    publisher={Gleerups},
    address={Malm{\"o}},
    year={2011},
    edition={1. uppl., 2. tr.},
    ISBN={9140674150},
    keywords={Fysik},
} 